<collection xmlns="http://www.loc.gov/MARC21/slim">
<record>
  <leader>01789nam0a22002771i 450 </leader>
  <controlfield tag="001">IT\ICCU\CNCE\059067</controlfield>
  <controlfield tag="005">20060515000000.0</controlfield>
  <datafield tag="100" ind1=" " ind2=" ">
    <subfield code="a">20040908d1591        0itac0103    ba</subfield>
  </datafield>
  <datafield tag="101" ind1=" " ind2=" ">
    <subfield code="a">LAT</subfield>
  </datafield>
  <datafield tag="102" ind1=" " ind2=" ">
    <subfield code="a">IT</subfield>
  </datafield>
  <datafield tag="200" ind1="1" ind2=" ">
    <subfield code="a">Tractatus, consilia, decisiones, repetitiones, &amp; commentaria; in materia feudorum, et successione filiorum comitum, et baronum regni Neapolitani: clarissimi viri Ioannis Thomae Minadoi ... Cum repetitione c. primi, an agnatus, vsibus feudorum clarissimi viri Bartholomaei Camerarii. Opus nunc denu ̣in lucem editum, &amp;  ̉quamplurimis erroribus castigatum</subfield>
  </datafield>
  <datafield tag="210" ind1=" " ind2=" ">
    <subfield code="a">Venetiiis</subfield>
    <subfield code="c">sumptibus Ioannis Leonardi Caepollari bibliopolae Neapolitani</subfield>
    <subfield code="d">1591</subfield>
    <subfield code="e">Venetiis</subfield>
    <subfield code="g">expensis Iacobi Anielli bibliopolae neapolitani</subfield>
    <subfield code="h">1576</subfield>
  </datafield>
  <datafield tag="300" ind1=" " ind2=" ">
    <subfield code="a">ANNULLATA, PERCHE&apos; CORRISPONDE AL CNC: 24098!!</subfield>
  </datafield>
  <datafield tag="620" ind1=" " ind2=" ">
    <subfield code="a">IT</subfield>
    <subfield code="d">Venezia</subfield>
  </datafield>
  <datafield tag="700" ind1=" " ind2="1">
    <subfield code="a">Minadoi,</subfield>
    <subfield code="b">Giovanni Tommaso</subfield>
    <subfield code="c"> &lt;1505-1555&gt;</subfield>
    <subfield code="3">IT\ICCU\CNCA\007024</subfield>
  </datafield>
  <datafield tag="702" ind1=" " ind2="1">
    <subfield code="a">Camerario,</subfield>
    <subfield code="b">Bartolomeo</subfield>
    <subfield code="3">IT\ICCU\CNCA\002435</subfield>
  </datafield>
  <datafield tag="712" ind1="0" ind2="0">
    <subfield code="a">Cepollari, Giovanni Leonardo</subfield>
    <subfield code="3">IT\ICCU\CNCT\002256</subfield>
    <subfield code="4">650</subfield>
  </datafield>
  <datafield tag="712" ind1="0" ind2="0">
    <subfield code="a">De_Maria, Giacomo Aniello</subfield>
    <subfield code="c"> &lt;1.&gt;</subfield>
    <subfield code="3">IT\ICCU\CNCT\000526</subfield>
    <subfield code="4">650</subfield>
  </datafield>
  <datafield tag="790" ind1=" " ind2="1">
    <subfield code="a">Minadoi,</subfield>
    <subfield code="b">Gian Tommaso</subfield>
    <subfield code="3">IT\ICCU\CNCA\021010</subfield>
    <subfield code="z">Minadoi, Giovanni Tommaso &lt;1505-1555&gt;</subfield>
  </datafield>
  <datafield tag="790" ind1=" " ind2="1">
    <subfield code="a">Minadous,</subfield>
    <subfield code="b">Iohannes Thomas</subfield>
    <subfield code="3">IT\ICCU\CNCA\021126</subfield>
    <subfield code="z">Minadoi, Giovanni Tommaso &lt;1505-1555&gt;</subfield>
  </datafield>
  <datafield tag="790" ind1=" " ind2="1">
    <subfield code="a">Camerarius,</subfield>
    <subfield code="b">Bartholomaeus</subfield>
    <subfield code="3">IT\ICCU\CNCA\026446</subfield>
    <subfield code="z">Camerario, Bartolomeo</subfield>
  </datafield>
  <datafield tag="791" ind1="0" ind2="0">
    <subfield code="a">Caepollarus, Ioannes Leonardus</subfield>
    <subfield code="3">IT\ICCU\CNCT\004580</subfield>
    <subfield code="z">Cepollari, Giovanni Leonardo</subfield>
  </datafield>
  <datafield tag="791" ind1="0" ind2="0">
    <subfield code="a">Maria, Iacobus Anellus de</subfield>
    <subfield code="3">IT\ICCU\CNCT\002831</subfield>
    <subfield code="z">De_Maria, Giacomo Aniello &lt;1.&gt;</subfield>
  </datafield>
  <datafield tag="791" ind1="0" ind2="0">
    <subfield code="a">Maria, Iacobus Aniellus</subfield>
    <subfield code="3">IT\ICCU\CNCT\004600</subfield>
    <subfield code="z">De_Maria, Giacomo Aniello &lt;1.&gt;</subfield>
  </datafield>
  <datafield tag="791" ind1="0" ind2="0">
    <subfield code="a">Maria, Giacomo Aniello de</subfield>
    <subfield code="3">IT\ICCU\CNCT\004601</subfield>
    <subfield code="z">De_Maria, Giacomo Aniello &lt;1.&gt;</subfield>
  </datafield>
  <datafield tag="801" ind1=" " ind2="3">
    <subfield code="a">IT</subfield>
    <subfield code="b">ICCU</subfield>
    <subfield code="c">20201115</subfield>
  </datafield>
</record>
</collection>
